
@article{Ghate2013CulturalNC,
  title={Cultural norms, cooperation, and communication: Taking experiments to the field in indigenous communities},
  author={Rucha Ghate and S. H. Ghate and E. Ostrom},
  journal={The International Journal of the Commons},
  year={2013},
  volume={7},
  pages={498-520},
  url={https://api.semanticscholar.org/CorpusID:54717731},
  note={\url{https://rb.gy/ykperm}}}
}
@article{Bravo2014AnderiesJM,
  title={Anderies, John M. and Marco A. Janssen (2013). Sustaining the Commons. Center for the Study of Institutional Diversity, Arizona State University.},
  author={Giangiacomo Bravo},
  journal={The International Journal of the Commons},
  year={2014},
  volume={8},
  pages={259-260},
  url={https://api.semanticscholar.org/CorpusID:145147555},
  note= {\url{https://rb.gy/6ztxhq}}}
}
@article{Cox2010ARO,
  title={A Review of Design Principles for Community-based Natural Resource Management},
  author={Michael E. Cox and Gwen Arnold and Sergio Villamayor Tom{\'a}s},
  journal={Ecology and Society},
  year={2010},
  volume={15},
  pages={38},
  url={https://api.semanticscholar.org/CorpusID:26521597},
  note= {\url{https://doi.org/10.5751/ES-03704-150438}}}
}
@article{Ostrom2010BeyondMA,
  title={Beyond Markets and States: Polycentric Governance of Complex Economic Systems},
  author={E. Ostrom},
  journal={Transnational Corporations Review},
  year={2010},
  volume={2},
  pages={1 - 12},
  url={https://api.semanticscholar.org/CorpusID:2371158},
  note= {\url{https://rb.gy/2j6s9e}}}
}
@inproceedings{Crdenas2004WHATDP,
  title={WHAT DO PEOPLE BRING INTO THE GAME: EXPERIMENTS IN THE FIELD ABOUT COOPERATION IN THE COMMONS},
  author={Juan Camilo C{\'a}rdenas and E. Ostrom},
  year={2004},
  url={https://api.semanticscholar.org/CorpusID:18133554},
  note={\url{ https://doi.org/10.1016/j.agsy.2004.07.008}}}
}
@article{Vollan2008SocioecologicalEF,
  title={Socio-ecological explanations for crowding-out effects from economic field experiments in southern Africa},
  author={Bj{\"o}rn Vollan},
  journal={Ecological Economics},
  year={2008},
  volume={67},
  pages={560-573},
  url={https://api.semanticscholar.org/CorpusID:154435236},
  note={\url{https://rb.gy/5m9qcn}}}
}
@article{Gatiso2015ResourceSA,
  title={Resource scarcity and democratic elections in commons dilemmas: An experiment on forest use in Ethiopia},
  author={Tsegaye T. Gatiso and Bj{\"o}rn Vollan and Ernst-August Nuppenau},
  journal={Ecological Economics},
  year={2015},
  volume={114},
  pages={199-207},
  url={https://api.semanticscholar.org/CorpusID:155012795},
  note={\url{https://rb.gy/rxeac0}}}
}
@inproceedings{Ghate2011IndigenousCC,
  title={Indigenous Communities, Cooperation, and Communication: Taking Experiments to the Field},
  author={Rucha Ghate and S. H. Ghate and E. Ostrom},
  year={2011},
  url={https://api.semanticscholar.org/CorpusID:131546750},
  note={\url{https://www.sandeeonline.org/uploads/documents/publication/941_PUB_WP_64_Rucha_Ostrom.pdf}}}
}
@article{eckstein2021global,
    author = {Eckstein, D. and Künzel, V. and Schäfer, L.},
    title = {The Global Climate Risk Index 2021},
    year = {2021},
    publisher = {Germanwatch},
    address = {Bonn},
    note = {\url{https://www.germanwatch.org/sites/default/files/Global%20Climate%20Risk%20Index%202021_2.pdf}}
}
@article{Falk2021FightingCC,
  title={Fighting Climate Change: The Role of Norms, Preferences, and Moral Values},
  author={Armin Falk and Peter Andr{\'e} and Teodora Boneva and Felix Chopra},
  journal={CESifo: Labour Markets (Topic)},
  year={2021},
  url={https://api.semanticscholar.org/CorpusID:236152995},
  note={\url{https://www.econtribute.de/RePEc/ajk/ajkdps/ECONtribute_101_2021.pdf}}}
}
@article{milfont2010,
  author       = {Taciano L. Milfont and John Duckitt},
  title        = {The environmental attitudes inventory: A valid and reliable measure to assess the structure of environmental attitudes},
  journal      = {Journal of Environmental Psychology},
  volume       = {30},
  number       = {1},
  pages        = {80-94},
  year         = {2010},
  publisher    = {Elsevier},
  doi          = {10.1016/j.jenvp.2009.09.001},
}
@unpublished{milfont2007,
  author       = {Taciano L. Milfont and John Duckitt},
  title        = {A brief version of the environmental attitudes inventory},
  year         = {2007},
  note         = {Unpublished manuscript, Centre for Applied Cross-Cultural Research, Victoria University of Wellington, New Zealand}
}
@article{andre2022misperceived,
  title={Misperceived Social Norms and Willingness to Act Against Climate Change},
  author={Andre, Peter and Boneva, Teodora and Chopra, Felix and Falk, Armin},
  journal={Econtribute Discuss. Pap},
  year={2022}
}
@mastersthesis{Tetzner2023LostForest,
  author = {Tetzner, Annalena},
  title = {Lost Forest? Exploring Cooperation under an income shock in a common-pool resource extraction game},
  school = {University of Bonn},
  year = {2023},
  type = {Bachelor's thesis}
}
@article{HineGifford1996,
  author = {Hine, Donald W. and Gifford, Robert},
  title = {Individual Restraint and Group Efficiency in Commons Dilemmas: The Effects of Two Types of Environmental Uncertainty},
  journal = {Journal of Applied Social Psychology},
  year = {1996},
  volume = {26},
  number = {11},
  pages = {993-1009},
  publisher = {V. H. Winston & Son, Inc.}
}
@article{IPCC2023,
  title={Summary for Policymakers},
  author={{Intergovernmental Panel on Climate Change (IPCC)}},
  journal={In: Climate Change 2023: Synthesis Report. Contribution of Working Groups I, II and III to the Sixth Assessment Report of the Intergovernmental Panel on Climate Change},
  editor={Core Writing Team, H. Lee and J. Romero (eds.)},
  publisher={IPCC, Geneva, Switzerland},
  pages={1--34},
  year={2023},
  doi={10.59327/IPCC/AR6-9789291691647.001}
}
@article{janssen2013breaking,
  title={Breaking the elected rules in a field experiment on forestry resources},
  author={Janssen, Marco A and Bousquet, Fran{\c{c}}ois and Cardenas, Juan-Camilo and Castillo, Daniel and Worrapimphong, Kobchai},
  journal={Ecological Economics},
  volume={90},
  pages={132--139},
  year={2013},
  publisher={Elsevier}
}
@article{Prediger2014,
  title={The Impact of Exposure to Scarcity on Antisocial Behavior},
  author={Prediger, Sebastian and Vollan, Bjoern and Herrmann, Benedikt},
  journal={Journal of Public Economics},
  volume={119},
  pages={1--9},
  year={2014},
  doi={10.1016/j.jpubeco.2014.07.007},
  publisher={Elsevier B.V.},
  note={© 2014 Elsevier B.V. All rights reserved.},
  url={http://dx.doi.org/10.1016/j.jpubeco.2014.07.007}
}
@article{oses2008environmental,
  title={Environmental versus human-induced scarcity in the commons: do they trigger the same response?},
  author={Os{\'e}s-Eraso, Nuria and Udina, Frederic and Viladrich-Grau, Montserrat},
  journal={Environmental and Resource Economics},
  volume={40},
  pages={529--550},
  year={2008},
  publisher={Springer}
}
@article{hoenow2021does,
  title={Does competitive scarcity affect the speed of resource extraction? A common-pool resource lab-in-the-field experiment on land use in northern Namibia},
  author={Hoenow, Nils Christian and Kirk, Michael},
  journal={World Development},
  volume={147},
  pages={105623},
  year={2021},
  publisher={Elsevier}
}
@article{maldonado2009does,
  title={Does scarcity exacerbate the tragedy of the commons? Evidence from fishers' experimental responses},
  author={Maldonado, Jorge H and Moreno S{\'a}nchez, Rocio del Pilar},
  journal={Evidence from Fishers' Experimental Responses (October 1, 2009). Documento CEDE},
  number={2009-22},
  year={2009}
}
@article{pfaff2015framed,
  title={Framed field experiment on resource scarcity \& extraction: path-dependent generosity within sequential water appropriation},
  author={Pfaff, Alexander and V{\'e}lez, Maria Alejandra and Ramos, Pablo Andres and Molina, Adriana},
  journal={Ecological Economics},
  volume={120},
  pages={416--429},
  year={2015},
  publisher={Elsevier}
}
@article{chen2016otree,
  title={oTree—An open-source platform for laboratory, online, and field experiments},
  author={Chen, Daniel L and Schonger, Martin and Wickens, Chris},
  journal={Journal of Behavioral and Experimental Finance},
  volume={9},
  pages={88--97},
  year={2016},
  publisher={Elsevier}
}
@article{falk2018global,
  title={Global evidence on economic preferences},
  author={Falk, Armin and Becker, Anke and Dohmen, Thomas and Enke, Benjamin and Huffman, David and Sunde, Uwe},
  journal={The Quarterly Journal of Economics},
  volume={133},
  number={4},
  pages={1645--1692},
  year={2018},
  publisher={Oxford University Press}
}
